% Encoding: UTF-8

@Book{Beispiel,
  title     = {Beispielbuch},
  publisher = {Beispiel Verlag GmbH \& Co. KG},
  year      = {2022},
  edition 	= {1. Aufl.},
  author    = {{Beispielautor}},
  address   = {München},
}

%Hier sind alle entry-types aufgelistet und erklärt: https://www.bibtex.com/e/entry-types/

@Comment{jabref-meta: databaseType:bibtex;}
